@book{gonzalezWoods,
  author    = {Gonzalez, Rafael C. and Woods, Richard E.},
  title     = {Digital Image Processing},
  edition   = {4},
  year      = {2018},
  publisher = {Pearson Education},
  address   = {Harlow, Essex, UK},
  isbn      = {978-1-292-22304-9}
}

@online{srgbz,
  author = {Øyvind Kolås},
  title  = {sRGBz—a minimal sRGB ICC v2 profile},
  url    = {http://pippin.gimp.org/sRGBz/},
  date   = {2018-05-14}
}

@article{srgb,
  author       = { Clinton Ingram },
  title        = {What Makes sRGB a Special Color Space?},
  journaltitle = {PhotoSauce Blog},
  url          = {https://photosauce.net/blog/post/what-makes-srgb-a-special-color-space},
  date         = {2021-05-09}
}

@article{photosauce1,
  author       = { Clinton Ingram },
  title        = {Making a Minimal sRGB ICC Profile Part 1: Trim the Fat; Abuse the Spec},
  journaltitle = {PhotoSauce Blog},
  url          = {https://photosauce.net/blog/post/making-a-minimal-srgb-icc-profile-part-1-trim-the-fat-abuse-the-spec},
  date         = {2018-03-27}
}

@article{photosauce2,
  author       = { Clinton Ingram },
  title        = {Making a Minimal sRGB ICC Profile Part 2: Curve the Curves},
  journaltitle = {PhotoSauce Blog},
  url          = {https://photosauce.net/blog/post/making-a-minimal-srgb-icc-profile-part-2-curve-the-curves},
  date         = {2018-03-31}
}

@article{photosauce3,
  author       = { Clinton Ingram },
  title        = {Making a Minimal sRGB ICC Profile Part 3: Choose Your Colors Carefully},
  journaltitle = {PhotoSauce Blog},
  url          = {https://photosauce.net/blog/post/making-a-minimal-srgb-icc-profile-part-3-choose-your-colors-carefully},
  date         = {2018-04-07}
}

@article{facebookRgb,
  author       = { Ryan Mack },
  title        = {Under the Hood: Improving Facebook Photos},
  journaltitle = {Facebook Engineering},
  url          = {https://engineering.fb.com/2012/03/22/web/under-the-hood-improving-facebook-photos/},
  date         = {2012-03-22}
}

@book{tooms,
  author    = {Tooms, Michael S.},
  publisher = {John Wiley \& Sons},
  title     = {Colour Reproduction in Electronic Imaging Systems},
  year      = {2016},
  edition   = {1},
  isbn      = {9781119021766}
}

@book{poynton,
  title     = {Digital Video and HD: Algorithms and interfaces},
  author    = {Charles Poynton},
  publisher = {Morgan Kaufmann},
  isbn      = {978-0-12-391926-7},
  year      = {2012},
  edition   = {2}
}

@book{sharma,
  title     = {Understanding Color Management},
  author    = {Sharma, Abhay},
  publisher = {John Wiley \& Sons},
  isbn      = {9781119223634},
  year      = {2018},
  edition   = {2}
}

@book{green,
  title     = {Color Management: Understanding and Using ICC Profiles},
  editor    = {Phil Green and Michael Kriss},
  publisher = {John Wiley \& Sons},
  isbn      = {978-0-470-05825-1},
  year      = {2010},
  edition   = {1}
}

@inbook{allen,
  title     = {Colour management systems},
  author    = {Elizabeth Allen},
  maintitle = {The Manual of Photography},
  editor    = {Elizabeth Allen and Sophie Triantaphillidou},
  publisher = {Focal Press},
  isbn      = {9780240520377},
  doi       = {10.1016/B978-0-240-52037-7.10026-2},
  year      = {2010},
  edition   = {10},
  chapter   = {26}
}

@inbook{allen23,
  title     = {Digital colour reproduction},
  author    = {Elizabeth Allen},
  maintitle = {The Manual of Photography},
  editor    = {Elizabeth Allen and Sophie Triantaphillidou},
  publisher = {Focal Press},
  isbn      = {9780240520377},
  doi       = {10.1016/B978-0-240-52037-7.10023-7},
  year      = {2010},
  edition   = {10},
  chapter   = {23}
}

@article{stone1,
  author  = {Elle Stone},
  journal = {Nine Degrees Photography},
  title   = {What Makes a Color Space Well Behaved?},
  year    = {2013},
  month   = {9},
  url     = {https://ninedegreesbelow.com/photography/well-behaved-profile.html}
}

@article{stone2,
  author  = {Elle Stone},
  journal = {Nine Degrees Photography},
  title   = {Are Your Working Space Profiles Well Behaved?},
  year    = {2013},
  month   = {9},
  url     = {https://ninedegreesbelow.com/photography/are-your-working-space-profiles-well-behaved.html}
}

@article{stone3,
  author  = {Elle Stone},
  journal = {Nine Degrees Photography},
  title   = {In Quest of Well Behaved Working Spaces},
  year    = {2013},
  month   = {9},
  url     = {https://ninedegreesbelow.com/photography/well-behaved-profiles-quest.html}
}

@article{stone4,
  author  = {Elle Stone},
  journal = {Nine Degrees Photography},
  title   = {Elle Stone's Well-Behaved ICC Profiles and Code},
  year    = {2013},
  url     = {https://ninedegreesbelow.com/photography/lcms-make-icc-profiles.html}
}

@misc{BT601,
  author   = {{International Telecommunications Union}},
  title    = {Studio encoding parameters of digital television for standard 4:3 and wide-screen 16:9 aspect ratios},
  subtitle = {Recommendation ITU-R BT.601-7},
  year     = {2011},
  url      = {https://www.itu.int/rec/R-REC-BT.601-7-201103-I/en}
}

@misc{BT709,
  author   = {{International Telecommunications Union}},
  title    = {Parameter values for the HDTV standards for production and international programme exchange},
  subtitle = {Recommendation ITU-R BT.709-6},
  year     = {2015},
  url      = {https://www.itu.int/rec/R-REC-BT.709-6-201506-I/en}
}

@misc{BT1886,
  author      = {{International Telecommunications Union}},
  title       = {Reference electro-optical transfer function for flat panel displays used in HDTV studio production},
  subtitle    = {Recommendation ITU-R BT.1886},
  year        = {2011},
  url         = {https://www.itu.int/rec/R-REC-BT.1886-0-201103-I/en},
  lastchecked = {2022-04-02}
}

@misc{icc,
  author      = {{International Color Consortium}},
  title       = {Specification ICC.1:2010 (Profile version 4.3.0.0)},
  subtitle    = {Image technology colour management — Architecture, profile format, and data structure},
  year        = {2010},
  url         = {https://www.color.org/icc_specs2.xalter},
  lastchecked = {2022-04-02}
}

@book{ipt,
  author         = {Ebner, Fritz},
  publisher      = {Rochester Institute of Technology},
  title          = {Derivation and modelling hue uniformity and development of the IPT color space},
  year           = {1998},
  url            = {https://scholarworks.rit.edu/theses/2858}
}

@INPROCEEDINGS{7261497,

  author={Izraelevitz, D. and Koslov, J. L.},

  booktitle={Tomorrow's Television: 16th Annual SMPTE Television Conference}, 

  title={Code Utilization for Component-Coded Digital Video}, 

  year={1982},

  volume={},

  number={},

  pages={22-30},

  doi={10.5594/M00619}
}

@article{Safdar:17,
author = {Muhammad Safdar and Guihua Cui and Youn Jin Kim and Ming Ronnier Luo},
journal = {Opt. Express},
keywords = {Vision, color, and visual optics ; Color; Color vision; Colorimetry; Color difference; Color spaces; Contrast sensitivity; Image metrics; Spatial filtering; Spatial resolution},
number = {13},
pages = {15131--15151},
publisher = {Optica Publishing Group},
title = {Perceptually uniform color space for image signals including high dynamic range and wide gamut},
volume = {25},
month = {6},
year = {2017},
doi = {10.1364/OE.25.015131},
}

@standard{srgb2002,
  author      = {{International Electrotechnical Commission}},
  title    = {Multimedia systems and equipment - Colour measurement and management - Part 2-1: Colour management - Default RGB colour space - sRGB},
  subtitle       = {IEC 61966-2-1},
  year        = {2002},
  url         = {https://www.evs.ee/en/evs-en-61966-2-1-2002},
}
